@misc{Greg,
  author = {Greg von Winckel},
  title = {Find unique rows in numpy.array},
  year = 2014,
  howpublished = "\url{http://stackoverflow.com/a/22941699}",
  note = "[Acessado em 04/02/2017]"
}

@misc{Python,
  author = {Fred L. Drake Jr.},
  title = {The Python Standard Library},
  howpublished = "\url{https://docs.python.org/2/library/}",
  note = "[Acessado em 04/02/2017]"
}

@misc{Numpy,
  author = {Travis E. Oliphant},
  title = {NumPy Reference},
  year = 2008,
  howpublished = "\url{https://docs.scipy.org/doc/numpy/reference/}",
  note = "[Acessado em 04/02/2017]"
}

@misc{Scipy,
  title = {Statistical functions},
  howpublished = "\url{https://docs.scipy.org/doc/scipy-0.18.1/reference/stats.html}",
  note = "[Acessado em 04/02/2017]"
}

@misc{Matplotlib,
  title = {Pyplot tutorial},
  howpublished = "\url{http://matplotlib.org/users/pyplot_tutorial.html}",
  note = "[Acessado em 04/02/2017]"
}